@book{mason-1984-diophantine-equations-over,
  author       = {Mason, R. C.},
  title        = {Diophantine {{Equations}} over {{Function Fields}}},
  publisher    = {Cambridge University Press},
  date         = {1984-04-26},
  doi          = {10.1017/CBO9780511752490},
  isbn         = {978-0-521-26983-4}
}

@book{stichtenoth-2009-algebraic-function-fields,
  author       = {Stichtenoth, H.},
  title        = {Algebraic Function Fields and Codes},
  publisher    = {Springer},
  number       = 254,
  series       = {Graduate Texts in Mathematics},
  edition      = {2nd ed},
  date         = 2009,
  location     = {Berlin},
  isbn         = {978-3-540-76877-7},
  pagetotal    = 355
}

@article{gaal-2006-diophantine-equations-over,
  author       = {Ga√°l, I. and Pohst, M.},
  title        = {Diophantine Equations over Global Function Fields
                  {{I}}: {{The Thue}} Equation},
  volume       = 119,
  number       = 1,
  pages        = {49-65},
  date         = {2006-07-01},
  journaltitle = {Journal of Number Theory},
  shortjournal = {Journal of Number Theory},
  issn         = {0022-314X},
  doi          = {10.1016/j.jnt.2005.10.009}
}
